@article{sargent2024dynamic,
  title={Dynamic Programming: Finite States},
  author={Sargent, Thomas J and Stachurski, John},
  journal={arXiv preprint arXiv:2401.10473},
  year={2024}
}
@masterthesis{citekey,
  author  = "Jazmín Sarahí Flores Gomez",
  title   = " Algoritmo de Aproximación en Modelos de Control
 Semi-Markovianos y Markovianos con Costos Descontados",
  school  = "Universidad de Sonora",
  year    = "2022"
}


